<record><leader>00000cas a22000007a 4500</leader><controlfield tag="001">11669944</controlfield><controlfield tag="008">850207d18721873aluwr ne      0    0eng d</controlfield><datafield ind1=" " ind2=" " tag="010"><subfield code="a">sn 85033112 </subfield></datafield><datafield ind1=" " ind2=" " tag="040"><subfield code="a">NPU</subfield><subfield code="b">eng</subfield><subfield code="c">NPU</subfield><subfield code="d">CPN</subfield><subfield code="d">ANU</subfield><subfield code="d">OCLCQ</subfield></datafield><datafield ind1=" " ind2=" " tag="042"><subfield code="a">msc</subfield></datafield><datafield ind1="0" ind2="0" tag="245"><subfield code="a">Union Springs herald and times.</subfield></datafield><datafield ind1=" " ind2=" " tag="260"><subfield code="a">Union Springs, Ala. :</subfield><subfield code="b">T.T. Crew,</subfield><subfield code="c">1872-1873.</subfield></datafield><datafield ind1=" " ind2=" " tag="300"><subfield code="a">v. ;</subfield><subfield code="c">65-66 cm.</subfield></datafield><datafield ind1=" " ind2=" " tag="310"><subfield code="a">Weekly</subfield></datafield><datafield ind1="0" ind2=" " tag="362"><subfield code="a">Herald v. 2, no. 31 (May 15, 1872) = Times v. 7, no. 4-Herald v. 3, no. 39 (July 23, 1873) = Times v. 8, no. 15.</subfield></datafield><datafield ind1=" " ind2=" " tag="500"><subfield code="a">Editors: T.T. Crew, &lt;1872&gt;; R.H. Powell, &lt;1873&gt;.</subfield></datafield><datafield ind1=" " ind2=" " tag="500"><subfield code="a">Publishers: T.T. Crew, &lt;1872&gt;; L.A. Wilson &amp; Co., &lt;1872-1873&gt;.</subfield></datafield><datafield ind1=" " ind2=" " tag="752"><subfield code="a">United States</subfield><subfield code="b">Alabama</subfield><subfield code="c">Bullock</subfield><subfield code="d">Union Springs.</subfield></datafield><datafield ind1="0" ind2="0" tag="780"><subfield code="t">Herald and times</subfield><subfield code="w">(DLC)sn 85044560</subfield></datafield><datafield ind1="0" ind2="0" tag="785"><subfield code="t">Union Springs herald (Union Springs, Ala.)</subfield><subfield code="w">(DLC)sn 84023614</subfield></datafield><datafield ind1="1" ind2=" " tag="029"><subfield code="a">AU@</subfield><subfield code="b">000025834855</subfield></datafield></record>